@book{koza92,
		author    = "Koza, John R.",
		title     = "Genetic Programming: On the Programming of Computers by Means of Natural Selection",
		publisher = "MIT Press",
		year      = "1992"
}



@article{bortolot2005,
  title={Estimating forest biomass using small footprint LiDAR data: An individual tree-based approach that incorporates training data},
  author={Bortolot, Zachary J and Wynne, Randolph H},
  journal={ISPRS Journal of Photogrammetry and Remote Sensing},
  volume={59},
  number={6},
  pages={342--360},
  year={2005},
  publisher={Elsevier}
}
@article{giarllarielli2023diabetes,
  title={Diabetes gestacional e diabetes mellitus tipo 2 relacionado {\`a}s complica{\c{c}}{\~o}es materno-fetais},
  author={Giarllarielli, Maria Paula Hashimoto and Silqueira, B{\'a}rbara Guimar{\~a}es and Salom{\~a}o, Mirella and Barbosa, Luana Vict{\'o}ria Tecchio and Antunes, Larissa and Roque, Julia Breda and Barreto, Ana Fl{\'a}via Esp{\'e}cie Gimenez and de Oliveira, Pedro Henrique Barbosa and Cavalcanti, Maria Cec{\'\i}lia Prado and Miguel, Lic{\'e}rio},
  journal={Revista Eletr{\^o}nica Acervo M{\'e}dico},
  volume={23},
  number={1},
  pages={e12065--e12065},
  year={2023}
}

@misc{epdata_diabetes,
  title = {Diabetes en España: Datos y Gráficos},
  year = {14 noviembre 2022},
  url = "https://www.epdata.es/datos/diabetes-espana-datos-graficos/472",
}

@article{fisher1991semiclosed,
  title={A semiclosed-loop algorithm for the control of blood glucose levels in diabetics},
  author={Fisher, Michael E},
  journal={IEEE transactions on biomedical engineering},
  volume={38},
  number={1},
  pages={57--61},
  year={1991},
  publisher={IEEE}
}
@article{gygliola2020glucose,
  title={Glucose determination: The use of glucometers as a rapid test of analysis},
  author={Gygliola-Ormachea, Peggy Brenda and Tarquino-Flores, Gabriela and Chambi-Gutierrez, Edgar and Averanga-Conde, Kattia and Salcedo-Ortiz, Lily},
  journal={Journal of the Selva Andina Research Society},
  volume={11},
  number={1},
  pages={38--48},
  year={2020}
}

@article{ackerman1965model,
  title={Model studies of blood-glucose regulation},
  author={Ackerman, Eugene and Gatewood, La{\"e}l C and Rosevear, John W and Molnar, George D},
  journal={The bulletin of mathematical biophysics},
  volume={27},
  pages={21--37},
  year={1965},
  publisher={Springer}
}
@article{bergman1979quantitative,
  title={Quantitative estimation of insulin sensitivity.},
  author={Bergman, Richard N and Ider, Y Ziya and Bowden, Charles R and Cobelli, Claudio},
  journal={American Journal of Physiology-Endocrinology And Metabolism},
  volume={236},
  number={6},
  pages={E667},
  year={1979}
}

@article{zamarron2021modelos,
  title={Modelos Matem{\'a}ticos del Sistema Regulador Glucosa-Insulina en Pacientes Diab{\'e}ticos con Retraso de Tiempo.},
  author={Zamarr{\'o}n Sobrinos, Cristina},
  year={2021}
}

@article{alonso2014modelos,
  title={Modelos matem{\'a}ticos para la diabetes},
  author={Alonso Cisneros, Iv{\'a}n and others},
  year={2014}
}
@misc{matlab2021matlab,
  title={MATLAB \& Simulink},
  author={Matlab, MathWorks},
  year={2021},
  publisher={Retrieved September}
}
@article{murray2007bioquimica,
  title={Bioqu{\'\i}mica ilustrada},
  author={Murray, Robert K and Bender, DAVID and Botham, K and Kennelly, P and Rodwell, V and Weil, H},
  journal={El manual modern. M{\'e}xico},
  year={2007}
}
@misc{britannica_islets,
  author = "{Editors of Encyclopaedia Britannica}",
  title = {Islets of Langerhans},
  url = "https://www.britannica.com/science/islets-of-Langerhans",
  year = {2022},
}
@misc{insulina_website,
author = "{Universidad de Salamanca}",
  title = {Insulina},
  url = "http://proteinasestructurafuncion.usal.es/moleculas/Insulina/index.html",
  year = {2019},
}

@misc{labster_glucose,
  title = {Regulation of Blood Glucose},
year = {2023},
  url= "https://theory.labster.com/es/regulation-blood-glucose/",
}
@article{russo2023prevalencia,
  title={Prevalencia de diabetes, caracter{\'\i}sticas epidemiol{\'o}gicas y complicaciones vasculares},
  author={Russo, Mar{\'\i}a P and Grande-Ratti, Mar{\'\i}a F and Burgos, Mariana A and Molaro, Anah{\'\i} A and Bonella, Mar{\'\i}a B},
  journal={Archivos de cardiolog{\'\i}a de M{\'e}xico},
  volume={93},
  number={1},
  pages={30--36},
  year={2023},
  publisher={Instituto Nacional de Cardiolog{\'\i}a Ignacio Ch{\'a}vez}
}
@misc{clinicasden_diabetes,
  title = {Diabetes y Salud Oral},
  url= "https://clinicasden.com/diabetes-y-salud-oral/",
}
@misc{mayoclinic_prediabetes,
  title = {Prediabetes: Diagnóstico y Tratamiento},
year = {2023},
  url = "https://www.mayoclinic.org/es/diseases-conditions/prediabetes/diagnosis-treatment/drc-20355284\#:\~:text=Menos\%20de\%20100\%20mg\%2FdL,distintas\%20se\%20diagnostica\%20como\%20diabetes",
}
@misc{medlineplus_glucosa,
  title = {Prueba de Glucosa en la Sangre},
  url= "https://medlineplus.gov/spanish/pruebas-de-laboratorio/prueba-de-glucosa-en-la-sangre/\#:\~:text=La\%20prueba\%20de\%20tolerancia\%20oral,siguientes\%202\%20o\%203\%20horas",
}
@misc{unidadmedica_monitorizacion,
  title = {Sistema de Monitorización Continua de Glucosa: Control de la Diabetes},
  url= "https://www.unidadmedica.com/blog/sistema-de-monitorizacion-continua-de-glucosa-control-diabetes/",
}
@article{perez2017analisis,
  title={An{\'a}lisis y simulaci{\'o}n de un modelo matem{\'a}tico glucosa-insulina en personas con diabetes tipo I},
  author={P{\'e}rez N{\'u}{\~n}ez, Jhelly Reynaluz},
  year={2017},
  publisher={Universidad Nacional Mayor de San Marcos}
}
@article{tarin2021modelo,
  title={Modelo y control autom{\'a}tico de la glucosa en sangre en pacientes con Diabetes Mellitus tipo 1 (DM1)},
  author={Tar{\'\i}n Rold{\'a}n, Sof{\'\i}a},
  year={2021}
}
@misc{cima_insulina,
  title = {Ficha Técnica de la Insulina Humana Anhidra},
year = {2007},
author= {CIMA, Centro de Información de Medicamentos},
  url="https://cima.aemps.es/cima/dochtml/ft/97030053/FT_97030053.html",
}
@article{carrillo2021long,
  title={Long short-term memory neural network for glucose prediction},
  author={Carrillo-Moreno, Jaime and P{\'e}rez-Gand{\'\i}a, Carmen and Sendra-Arranz, Rafael and Garc{\'\i}a-S{\'a}ez, Gema and Hernando, M Elena and Guti{\'e}rrez, {\'A}lvaro},
  journal={Neural Computing and Applications},
  volume={33},
  pages={4191--4203},
  year={2021},
  publisher={Springer}
}
@inproceedings{allam2011recurrent,
  title={A recurrent neural network approach for predicting glucose concentration in type-1 diabetic patients},
  author={Allam, Fayrouz and Nossai, Zaki and Gomma, Hesham and Ibrahim, Ibrahim and Abdelsalam, Mona},
  booktitle={International Conference on Engineering Applications of Neural Networks},
  pages={254--259},
  year={2011},
  organization={Springer}
}
@phdthesis{caperamodelo,
  title={Un modelo matem{\'a}tico de diabetes basado en ecuaciones diferenciales estoc{\'a}sticas},
year = {2022},
  author={Capera Tovar, Cindy Lorena},
  school={Universidad Nacional de Colombia}
}
@article{da2024asociacion,
  title={Asociaci{\'o}n entre glucemia inestable, tiempo de estancia y mortalidad de Pacientes en Estado Cr{\'\i}ticos:: Estudio de cohorte},
  author={da Silva Neto, Let{\'\i}cia Marques and Brinat, L{\'\i}dia Miranda and Toledo, Luana Vieira and de F{\'a}tima Janu{\'a}rio, Carla and Azevedo, Andr{\'e}a Mara Oliveira and Andrade, Jo{\~a}o Vitor and Salgado, Patr{\'\i}cia Oliveira},
  journal={Revista Enfermer{\'\i}a Actual en Costa Rica},
  number={46},
  pages={2},
  year={2024},
  publisher={Escuela de Enfermer{\'\i}a}
}
@article{karam2024capitulo,
  title={CAP{\'I}TULO 5 MEDICAMENTOS PARA EL CONTROL DE LA GLUCOSA},
  author={Karam, Patricia Mehner},
  journal={Educar en diabetes},
  pages={6},
  year={2024},
  publisher={Universidad Iberoamericana AC}
}
@misc{infobae_monitor_glucosa,
  title = {La FDA autoriza el primer monitor continuo de glucosa en sangre de venta libre},
year = {2024},
  url= "https://www.infobae.com/salud/2024/03/06/la-fda-autoriza-el-primer-monitor-continuo-de-glucosa-en-sangre-de-venta-libre/",
}
@misc{immedicohospitalario_freestyle,
  title = {La tecnología FreeStyle Libre® y los medicamentos GLP-1},
year= {2024},
  url= "https://www.immedicohospitalario.es/noticia/44784/la-tecnologia-freestyle-libresupsup-y-los-medicamentos-glp1-f.html",
}
@misc{gizmodo_pancreas_artificial,
  title = {Lanzamiento del Páncreas Artificial para la Diabetes Tipo 1},
year = {2024}  ,
url= "https://es.gizmodo.com/lanzamiento-del-pancreas-artificial-para-la-diabetes-ti-1851382125",
}
@misc{revistadiabetes_monitorizacion_glucosa,
  title = {Actualización en los Sistemas de Monitorización Continua de Glucosa en Diabetes},
year= {2022},
  url= "https://www.revistadiabetes.org/tecnologia/actualizacion-en-los-sistemas-de-monitorizacion-continua-de-glucosa-en-diabetes/",
}

@misc{gwhospital_exercise_diabetes,
  title = {El mejor momento para hacer ejercicio si tienes diabetes},
year = {2023},
author= {The George Washington University Hospital},
  url="https://es.gwhospital.com/about/blog/best-time-exercise-if-you-have-diabetes",
}

@article{diabetes2006effects,
  title={The effects of aerobic exercise on glucose and counterregulatory hormone concentrations in children with type 1 diabetes},
  author={Diabetes Research in Children Network (DirecNet) Study Group},
  journal={Diabetes care},
  volume={29},
  number={1},
  pages={20--25},
  year={2006},
  publisher={Am Diabetes Assoc}
}
@article{salem2010exercise,
  title={Is exercise a therapeutic tool for improvement of cardiovascular risk factors in adolescents with type 1 diabetes mellitus? A randomised controlled trial},
  author={Salem, Mona A and AboElAsrar, Mohammed A and Elbarbary, Nancy S and ElHilaly, Rana A and Refaat, Yara M},
  journal={Diabetology \& metabolic syndrome},
  volume={2},
  pages={1--10},
  year={2010},
  publisher={Springer}
}

@article{tirado2016ingenieria,
  title={La ingenier{\'\i}a de control y su rol actual en la medicina},
  author={Tirado, Jos{\'e} Fernando Garc{\'\i}a},
  journal={Revista Ingenier{\'\i}as USBMed},
  volume={7},
  number={2},
  pages={4--6},
  year={2016},
  publisher={Facultad de Ingenier{\'\i}as}
}

@misc{latexweb,
  title = {LaTeX -- A document preparation system},
  author = {The LaTeX Project},
  url="https://www.latex-project.org/",
year= {2024},
}
@misc{overleafgithub,
  title = {Overleaf - Online LaTeX Editor},
  year = {2024},
  url= "https://github.com/overleaf/overleaf/blob/main/README.md",
}
@article{bondia2020pancreas,
  title={P{\'a}ncreas artificial Artificial pancreas},
  author={Bond{\'\i}a, Jorge},
  journal={Rev Esp Endocrinol Pediatr},
  volume={11},
  number={1},
  pages={8--13},
  year={2020}
}
@article{bondia2010pancreas,
  title={El p{\'a}ncreas artificial: control autom{\'a}tico de infusi{\'o}n de insulina en diabetes mellitus tipo 1},
  author={Bondia, J and Veh{\'\i}, J and Palerm, CC and Herrero, P},
  journal={Revista Iberoamericana de Autom{\'a}tica e Inform{\'a}tica Industrial RIAI},
  volume={7},
  number={2},
  pages={5--20},
  year={2010},
  publisher={Elsevier}
}
@article{vibora2017pancreas,
  title={El p{\'a}ncreas artificial},
  author={V{\'\i}bora, Pilar Isabel Beato},
  journal={Diabetes Pr{\'a}ctica. Actualizacion y habilidades en Atenci{\'o}n Primaria},
  volume={8},
  number={4},
  pages={145--192},
  year={2017}
}
@misc{FundacionParaLaSalud,
  author = {{Fundación para la Salud Infantil}},
  title = {Bomba de insulina para niños},
  url= "https://www.fundacionparalasalud.org/infantil/185/bomba-de-insulina-ninos",
  year = {2020}
}
@article{velasquez2013modelado,
  title={Modelado del control de la regulaci{\'o}n de Glucosa},
  author={Vel{\'a}squez, Sergio and Vel{\'a}squez, Ronny and Leyton, Miguel and Borjas, Jos{\'e} and Custodio, {\'A}ngel},
  journal={Universidad, Ciencia y Tecnolog{\'\i}a},
  volume={17},
  number={66},
  pages={11--18},
  year={2013},
  publisher={Los autores permiten el uso libre de sus publicaciones bajo la norma CC-BY}
}