@book{koza92,
		author    = "Koza, John R.",
		title     = "Genetic Programming: On the Programming of Computers by Means of Natural Selection",
		publisher = "MIT Press",
		year      = "1992"
}


@misc{ wiki:latex,
       author = "Wikipedia",
       title = "LaTeX --- Wikipedia{,} La enciclopedia libre",
       year = "2015",
       url = "https://es.wikipedia.org/w/index.php?title=LaTeX&oldid=84209252",
       note = "[Internet; descargado 30-septiembre-2015]"
}

@article{giarllarielli2023diabetes,
  title={Diabetes gestacional e diabetes mellitus tipo 2 relacionado {\`a}s complica{\c{c}}{\~o}es materno-fetais},
  author={Giarllarielli, Maria Paula Hashimoto and Silqueira, B{\'a}rbara Guimar{\~a}es and Salom{\~a}o, Mirella and Barbosa, Luana Vict{\'o}ria Tecchio and Antunes, Larissa and Roque, Julia Breda and Barreto, Ana Fl{\'a}via Esp{\'e}cie Gimenez and de Oliveira, Pedro Henrique Barbosa and Cavalcanti, Maria Cec{\'\i}lia Prado and Miguel, Lic{\'e}rio},
  journal={Revista Eletr{\^o}nica Acervo M{\'e}dico},
  volume={23},
  number={1},
  pages={e12065--e12065},
  year={2023}
}


@article{pacini1986minmod,
  title={MINMOD: a computer program to calculate insulin sensitivity and pancreatic responsivity from the frequently sampled intravenous glucose tolerance test},
  author={Pacini, Giovanni and Bergman, Richard N},
  journal={Computer methods and programs in biomedicine},
  volume={23},
  number={2},
  pages={113--122},
  year={1986},
  publisher={Elsevier}
}

@misc{talent_com,
  author = {{Talent.com}},
  title = {¿Cuánto gana un Ingeniero en España?},
  url="https://es.talent.com/salary?job=ingeniero#:~:text=%C2%BFCu%C3%A1nto%20gana%20un%20Ingeniero%20en%20Espa%C3%B1a%3F&text=El%20salario%20ingeniero%20promedio%20en,hasta%20%E2%82%AC%2041.500%20al%20a%C3%B1o",
  year = {2024}
}
@misc{taxscouts,
  author = {{TaxScouts}},
  title = {Calculadora de sueldo neto},
  url= "https://taxscouts.es/calculadoras/calculadora-de-sueldo-neto/?utm_source=googlePM&utm_medium=cpc&utm_campaign=performancemax&gad_source=1&gclid=CjwKCAjwjeuyBhBuEiwAJ3vuoX5wmopAhm3Z3SjPXdKbcVRSW6icXr0fMkB3ZZtgIr7SI2Xo4F1sGBoCcK4QAvD_BwE",
  year = {2024}
}
@misc{microsoft,
  author = {{Microsoft}},
  title = {Compare all Microsoft 365 business products},
  url= "https://www.microsoft.com/es-es/microsoft-365/business/compare-all-microsoft-365-business-products-b?ef_id=_k_CjwKCAjwmYCzBhA6EiwAxFwfgE9gjQpPnVoMZJ7f1FtCwHs-yjNvO65_FtBTrriSMk8iYS5hAeZhHBoCMGAQAvD_BwE_k_&OCID=AIDcmmwtwnjzy2_SEM__k_CjwKCAjwmYCzBhA6EiwAxFwfgE9gjQpPnVoMZJ7f1FtCwHs-yjNvO65_FtBTrriSMk8iYS5hAeZhHBoCMGAQAvD_BwE_k_&gad_source=1&gclid=CjwKCAjwmYCzBhA6EiwAxFwfgE9gjQpPnVoMZJ7f1FtCwHs-yjNvO65_FtBTrriSMk8iYS5hAeZhHBoCMGAQAvD_BwE",
  year = {2024}
}

@misc{mathworks,
  author = {{MathWorks}},
  title = {Pricing and licensing},
  url= "https://es.mathworks.com/pricing-licensing.html?prodcode=ML&intendeduse=comm",
  year = {2024}
}
@misc{ONU-ODS,
  title = {Objetivos de Desarrollo Sostenible de las Naciones Unidas},
url= "https://www.un.org/sustainabledevelopment/es/objetivos-de-desarrollo-sostenible/",
  year = {2015}
}
@misc{mathworks2019,
  author       = {MathWorks},
  title        = {Product Trials},
  url= "https://es.mathworks.com/campaigns/products/trials.html?gclid=CjwKCAjwmYCzBhA6EiwAxFwfgNniE84WnmUUQE54mMxurSc8Y7DYY3Rc-YZe_unmmvz1NLz-bXpCPBoCAWcQAvD_BwE&ef_id=CjwKCAjwmYCzBhA6EiwAxFwfgNniE84WnmUUQE54mMxurSc8Y7DYY3Rc-YZe_unmmvz1NLz-bXpCPBoCAWcQAvD_BwE:G:s&s_kwcid=AL!8664!3!252706741092!e!!g!!descargar%20matlab&s_eid=ppc_27405573562&q=descargar+matlab&gad_source=1",
  year         = {2024}
}

@manual{matlab_intro,
  title        = {Introducción a MATLAB},
  author       = {{MathWorks}},
  year         = {2024},
  url          = "https://es.mathworks.com/help/matlab/getting-started-with-matlab.html",
}
